<?xml version="1.0" encoding="UTF-8"?><collection xmlns="http://www.loc.gov/MARC21/slim"><record><leader>00339nam--2200133-i-4500</leader><controlfield tag="001">000042760</controlfield><controlfield tag="002">20161230</controlfield><controlfield tag="005">20161230201043</controlfield><controlfield tag="008">060222s1000------------r-----000-0-eng-d</controlfield><datafield ind1=" " ind2=" " tag="080"><subfield code="a">621.3.011.731</subfield></datafield><datafield ind1=" " ind2=" " tag="100"><subfield code="a">Stearns,Samuel D</subfield></datafield><datafield ind1=" " ind2=" " tag="245"><subfield code="a">Digital signal analysis</subfield></datafield><datafield ind1=" " ind2=" " tag="260"><subfield code="a">Rochelle Park, Hayden Book Comp.Inc.,1975. 280 P</subfield></datafield><datafield ind1=" " ind2=" " tag="852"><subfield code="a">47066</subfield></datafield></record></collection>